@article{arora_2005,
  author={Ashish Arora and Rahul Telang},
  publisher={IEEE},
  title={Economics of software vulnerability disclosure},
  journal={IEEE security \& privacy},
  volume={3},
  number={1},
  pages={20-25},
  date={2005-02-14},
  doi={10.1109/MSP.2005.12},
  issn={1540-7993}
}

@article{arora_2010,
  author={Ashish Arora and Ramayya Krishnan and Rahul Telang and Yubao Yang},
  publisher={INFORMS},
  title={An empirical analysis of software vendors' patch release behavior: impact of vulnerability disclosure},
  journal={Information Systems Research},
  volume={21},
  number={1},
  pages={115-132},
  date={2010-03-01},
  doi = {10.1287/isre.1080.0226},
}

@incollection{balzarotti_2006,
  author={Davide Balzarotti and Mattia Monga and Sabrina Sicari},
  editor={Dieter Gollmann and Fabio Massacci and Artsiom Yautsiukhin},
  publisher={Springer},
  title={Assessing the risk of using vulnerable components},
  booktitle={Quality of Protection},
  pages={65-77},
  year={2006},
  doi={10.1007/978-0-387-36584-8_6},
  isbn={978-0-387-36584-8}
}

@inproceedings{cadariu_2015,
  author={Mircea Cadariu and Eric Bouwers and Joost Visser and Arie van Deursen},
  organization={IEEE},
  title={Tracking known security vulnerabilities in proprietary software systems},
  booktitle={2015 IEEE 22nd International Conference on Software Analysis, Evolution, and Reengineering (SANER)},
  year={2015},
  month={3},
  pages={516-519},
  location={Montreal, QC, Canada},
  doi={10.1109/SANER.2015.7081868},
  isbn={978-1-4799-8469-5},
  issn={1534-5351}
}

// not yet
@book{chacon_2014,
  author={Scott Chacon and Ben Straub},
  publisher={Apress},
  title={Pro git},
  edition={2},
  pagestotal={421},
  year={2014},
  doi={10.1007/978-1-4842-0076-6},
  isbn={978-1-4842-0076-6}
}

@article{cowan_2003,
	author={Crispin Cowan},
  publisher={IEEE},
	title={Software security for open-source systems},
	journal={IEEE Security \& Privacy},
	volume={99},
	number={1},
	pages={38-45},
	date={2003-02-19},
	doi={10.1109/MSECP.2003.1176994},
  issn={1540-7993}
}

@article{crowston_2012,
  author={Kevin Crowston and Kangning Wei and James Howison and Andrea Wiggins},
  publisher={ACM},
  title={Free/Libre open-source software development: What we know and what we do not know},
  journal={ACM Computing Surveys (CSUR)},
  volume={44},
  number={2},
  pages={7},
	date={2012-02-01},
	doi={10.1145/2089125.2089127},
	issn={0360-0300}
}

@misc{cve,
  organization={Mitre Corporation},
  title={CVE – Home},
  date={2018-01-17},
	url={https://cve.mitre.org/about/index.html},
  urldate={2018-10-09},
}

@misc{cwe_faq,
  organization={Mitre Corporation},
  title={CVE – Frequently Asked Question (FAQ)},
  date={2018-03-30},
	url={https://cwe.mitre.org/about/faq.html#A.1},
  urldate={2018-10-09},
}

@misc{cwe,
  organization={Mitre Corporation},
  title={CVE – About CWE},
  date={2018-03-30},
	url={https://cwe.mitre.org/about/index.html},
  urldate={2018-10-09},
}

@inproceedings{dabbish_2012,
  author={Laura Dabbish and Colleen Stuart and Jason Tsay and Jim Herbsleb},
  publisher={ACM},
  title={Social coding in GitHub: transparency and collaboration in an open software repository},
  booktitle={Proceedings of the ACM 2012 conference on computer supported cooperative work},
  pages={1277-1286},
  date={2012-02-11},
  doi={10.1145/2145204.2145396},
  isdb={978-1-4503-1086-4}
}

@misc{github,
  title={GitHub},
  organization={GitHub},
  url={https://github.com/},
  urldate={2018-10-25}
}

@misc{gitpython,
  title={GitPython},
  url={https://github.com/gitpython-developers/GitPython},
  urldate={2018-09-20}
}

@misc{google_code,
  title={Google Code Archive},
  url={https://code.google.com/archive/},
  urldate={2018-10-25}
}

@article{hansman_2005,
  author = "Simon Hansman and Ray Hunt",
  journal={Computers \& Security},
  title={A taxonomy of network and computer attacks},
  volume={24},
  number={1},
  pages={31-43},
  year={2005-01-28},
  doi={10.1016/j.cose.2004.06.011},
  issn={0167-4048},
}

@inproceedings{hassan_2008,
  author={Ahmed E Hassan},
  organization={IEEE},
  title={The road ahead for mining software repositories},
  booktitle={2008 Frontiers of Software Maintenance},
  pages={48-57},
  year={2008},
  month={9},
  doi={10.1109/FOSM.2008.4659248}
}

@article{hoepman_2007,
  author={Jaap-Henk Hoepman and Bart Jacobs},
  publisher={ACM},
  title={Increased security through open source},
  journal={Communications of the ACM},
  volume={50},
  number={1},
  pages={79-83},
  date={2007-01-01},
  doi={10.1145/1188913.1188921},
  issn={0001-0782}
}

@inproceedings{huluka_2012,
  author={Daniel Huluka and Oliver Popov},
  organization={IEEE},
  title={Root cause analysis of session management and broken authentication vulnerabilities},
  booktitle={World Congress on Internet Security (WorldCIS-2012)},
  pages={82-86},
  date={2012-06-12},
  isbn={978-1-908320-04-9}
}

@misc{json,
  title={JSON},
  organization={ecma International},
  url={https://www.json.org/},
  urldate={2018-10-13}
}

@article{kagdi_2007,
  author={Huzefa Kagdi and Michael L Collard and Jonathan I Maletic},
  publisher={Wiley Online Library},
  title={A survey and taxonomy of approaches for mining software repositories in the context of software evolution},
  journal={Journal of software maintenance and evolution: Research and practice},
  volume={19},
  number={2},
  pages={77-131},
  date={2007-03-29},
  doi={10.1002/smr.344}
}

@inproceedings{khan_2001,
  author={Khaled Khan and Jun Han and Yuliang Zheng},
  publisher={IEEE},
  title={A framework for an active interface to characterise compositional security contracts of software components},
  booktitle={Proceedings 2001 Australian Software Engineering Conference},
  pages={117-126},
  year={2001},
  location={Canberra, ACT, Australia, Australia},
  doi={10.1109/ASWEC.2001.948505},
  isbn={0-7695-1254-2},
  issn={1530-0803}
}

@inproceedings{kieyzun_2009,
  author={Adam Kieyzun and Philip J. Guo and Karthick Jayaraman and Michael D. Ernst},
  publisher={IEEE Computer Society},
  title={Automatic Creation of SQL Injection and Cross-site Scripting Attacks},
  booktitle={Proceedings of the 31st International Conference on Software Engineering},
  series={ICSE '09},
  year={2009},
  pages={199-209},
  pagetotal={11},
  location={Washington, DC, USA},
  doi={10.1109/ICSE.2009.5070521},
  isbn={978-1-4244-3453-4}
}

@inproceedings{lindqvist_1999,
  author={Ulf Lindqvist and Erland Jonsson},
  publisher={IEEE},
  title={How to systematically classify computer security intrusions},
  booktitle={Proceedings. 1997 IEEE Symposium on Security and Privacy (Cat. No.97CB36097)},
  year={1997},
  month={May},
  pages={154-163},
  doi={10.1109/SECPRI.1997.601330},
  issn={1081-6011},
}

@misc{linux_repo,
  title={Linux kernel source tree},
  url={https://github.com/torvalds/linux},
  urldate={2018-09-20}
}

@inproceedings{matsushita_2005,
  author={Makoto Matsushita and Kei Sasaki and Katsuro Inoue},
  organization={IEEE},
  title={Coxr: Open source development history search system},
  booktitle={12th Asia-Pacific Software Engineering Conference (APSEC'05)},
  year={2005},
  month={12},
  doi={10.1109/APSEC.2005.56},
  issn={1530-1362}
}

@inproceedings{mockus_2000,
  author={Audris Mockus and Lawrence G. Votta},
  publisher={IEEE},
  title={Identifying Reasons for Software Changes using Historic Databases},
  booktitle={Proceedings 2000 International Conference on Software Maintenance},
  year={2000},
  pages={120-130},
  doi={10.1109/ICSM.2000.883028},
  isbn={0-7695-0753-0},
  issn={1063-6773}
}

@inproceedings{nurseitov_2009,
  author={Nurzhan Nurseitov and Michael Paulson and Randall Reynolds and Clemente Izurieta},
  title={Comparison of JSON and XML data interchange formats: A Case Study},
  journal={Caine},
  volume={9},
  pages={157-162},
  year={2009},
  month={1}
}

@inproceedings{othmane_2015,
  author={Lotfi Ben Othmane and Golriz Chehrazi and Eric Bodden and Petar Tsalovski and Achim D. Brucker and Philip Miseldine},
  editor={Javier Lopez and Chris J Mitchell},
  publisher={Springer International Publishing},
  title={Factors Impacting the Effort Required to Fix Security Vulnerabilities},
  booktitle={Information Security},
  pages={102-119},
  year={2015},
  location={Cham},
  doi={10.1007/978-3-319-23318-5_6},
  isbn={978-3-319-23318-5}
}

@misc{owasp_dependency,
  organization={The Open Web Application Security Project (OWASP)},
  title={OWASP Dependency Check},
  date={2018-09-16},
  url={https://www.owasp.org/index.php/OWASP_Dependency_Check},
  urldate={2018-10-06}
}

@misc{owasp_home,
  organization={The Open Web Application Security Project (OWASP)},
  title={OWASP Home},
  date={2018-09-18},
  url={https://www.owasp.org/index.php/Main_Page},
  urldate={2018-09-29},
}

@misc{owasp_top10,
  organization={The Open Web Application Security Project (OWASP)},
  title={OWASP Top Ten 2017 Project},
  date={2017-10-20},
  url={https://www.owasp.org/index.php/Category:OWASP_Top_Ten_2017_Project},
  urldate={2018-09-26},
}

@article{payne_2002,
  author={Christian Payne},
  publisher={Wiley Online Library},
  title={On the security of open source software},
  journal={Information Systems Journal},
  volume={12},
  number={1},
  pages={61-78},
  date={2002-02-08},
  doi={10.1046/j.1365-2575.2002.00118.x},
  issn={1350-1917}
}

@inproceedings{pietraszek_2006,
  author={Tadeus Pietraszek and Chris Vanden Berghe},
  editor={Alfonso Valdes and Diego Zamboni},
  publisher={Springer Berlin Heidelberg},
  title={Defending Against Injection Attacks Through Context-Sensitive String Evaluation},
  booktitle={Recent Advances in Intrusion Detection},
  pages={124-145},
  year={2006},
  location={Berlin, Heidelberg},
  doi={10.1007/11663812_7},
  isbn={978-3-540-31779-1}
}

@misc{pygithub,
  author={Vincent Jacques},
  organization={PyGithub},
  title={PyGithub},
  url={https://github.com/PyGithub/PyGithub},
  urldate={2018-09-20}
}

@misc{python,
  organization={Python Software Foundation},
  title={Welcome to Python.org},
  url={https://www.python.org/},
  urldate={2018-10-13}
}

@article{reis_2017,
  author={Sofia Reis and Rui Abreu},
  editor={Martin Gilje Jaatun and Daniela Soares Cruzes},
  publisher={CEUR-WS.org},
  title={SECBENCH: A Database of Real Security Vulnerabilities},
  journal={Secure Software Engineering in DevOps and Agile Development},
  volumn={1977},
  pages={69-85},
  date={2017-10-31}
}

@inproceedings{robles_2010,
  author={Gregorio Robles},
  publisher={IEEE},
  title={Replicating MSR: A study of the potential replicability of papers published in the Mining Software Repositories proceedings},
  booktitle={2010 7th IEEE Working Conference on Mining Software Repositories (MSR)},
  pages={171-180},
  year={2010},
  month={5},
  doi={10.1109/MSR.2010.5463348},
  isbn={978-1-4244-6803-4},
  issn={2160-1860},
}

@article{schryen_2011,
  author={Guido Schryen},
  publisher={ACM},
  title={Is open source security a myth?},
  journal={Communications of the ACM},
  volume={54},
  number={5},
  pages={130-140},
	date={2011-05-01},
	doi={10.1145/1941487.1941516},
	issn={0001-0782}
}

@misc{secbench,
  author={Sofia Reis and Rui Abreu},
  organization={The Quasar Research Group},
  title={Secbench Mining Tool},
  url={https://github.com/TQRG/secbench-mining-tool},
  urldate={2018-10-11}
}

@inproceedings{shang_2009,
  author={Weiyi Shang and Zhen Ming Jiang and Bram Adams and Ahmed E Hassan},
  publisher={IEEE},
  title={MapReduce as a general framework to support research in Mining Software Repositories (MSR)},
  booktitle={2009 6th IEEE International Working Conference on Mining Software Repositories},
  pages={21-30},
  year={2009},
  month={5},
  doi={10.1109/MSR.2009.5069477},
  isbn={978-1-4244-3493-0},
  issn={2160-1852}
}

@misc{sourceforge,
  title={SourceForge - Download, Develop and Publish Free Open Source Software},
  organization={Slashdot Media},
  url={https://sourceforge.net/},
  urldate={2018-10-25}
}

@misc{sqlmap,
  author={Bernardo Damele and Miroslav Stampar},
  title={sqlmap: automatic SQL injection and database takeover tool},
  url={http://sqlmap.org/},
  urldate={2018-10-11}
}

@misc{unittest,
  title={unittest - Unit testing framework},
  organization={Python Software Foundation},
  url={https://docs.python.org/3/library/unittest.html},
  urldate={2018-10-14}
}

@inproceedings{vogt_2007,
  author={Philipp Vogt and Florian Nentwich and Nenad Jovanovic and Engin Kirda and Christopher Kruegel and Giovanni Vigna},
  title={Cross Site Scripting Prevention with Dynamic Data Tainting and Static Analysis.},
  booktitle={NDSS},
  volume={2007},
  pages={12},
  year={2007}
}

// not yet
@inproceedings{walden_2014,
  author={James Walden and Jeff Stuckman and Riccardo Scandariato},
  organization={IEEE},
  title={Predicting vulnerable components: Software metrics vs text mining},
  booktitle={2014 IEEE 25th International Symposium on Software Reliability Engineering (ISSRE)},
  pages={23-33},
  date={2014-11-03},
  doi={10.1109/ISSRE.2014.32},
  issn={1071-9458}
}

@misc{wheeler_2015,
  author={David A. Wheeler},
  title={Why open source software/free software (OSS/FS, FLOSS, or FOSS)? Look at the numbers},
  year={2015},
	url={https://www.dwheeler.com/oss_fs_why.html},
  urldate={2018-09-18},
}

@article{williams_2005,
  author={Chadd C Williams and Jeffrey K Hollingsworth},
  publisher={IEEE},
  title={Automatic mining of source code repositories to improve bug finding techniques},
  journal={IEEE Transactions on Software Engineering},
  volume={31},
  number={6},
  pages={466-480},
  date={2005},
  month={6},
  doi={10.1109/TSE.2005.63},
  issn={0098-5589}
}

@article{witten_2001,
  author={Brian Witten and Carl Landwehr and Michael Caloyannides},
  publisher={IEEE},
  title={Does open source improve system security?},
  journal={IEEE Software},
  volume={18},
  number={5},
  year={2001},
  month={9},
  pages={57-61},
  doi={10.1109/52.951496},
  issn={0740-7459}
}

@misc{xml,
  title={Extensible Markup Language (XML)},
  url={https://www.w3.org/XML/},
  urldate={2018-10-14}
}

@misc{xsstrike,
  author={Somdev Sangwan},
  title={XSStrike: Intelligent XSS Detection \& Exploitation Suitel},
  url={http://xsstrike.tk/},
  urldate={2018-10-12}
}